  @misc{ bibliometrics,
    author = "{Wikipedia contributors}",
    title = "Bibliometrics --- {Wikipedia}{,} The Free Encyclopedia",
    year = "2021",
    url = "https://en.wikipedia.org/w/index.php?title=Bibliometrics&oldid=1057764354",
    note = "[Online; accessed 22-December-2021]"
  }
  
  @article{Aria2017,
  doi = {10.1016/j.joi.2017.08.007},
  url = {https://doi.org/10.1016/j.joi.2017.08.007},
  year = {2017},
  month = nov,
  publisher = {Elsevier {BV}},
  volume = {11},
  number = {4},
  pages = {959--975},
  author = {Massimo Aria and Corrado Cuccurullo},
  title = {bibliometrix : An R-tool for comprehensive science mapping analysis},
  journal = {Journal of Informetrics}
}

@misc{whatisr, 
title={What is R?}, 
url={https://www.r-project.org/about.html}, 
journal={R}
}

@misc{bibrpack,
title = {Bibliometrix R Package},
howpublished = {\url{https://www.bibliometrix.org/index.html#contacts3-19}},
month = {},
year = {},
note = {(Accessed on 12/23/2021)}
}

@article{Burnham2006,
  doi = {10.1186/1742-5581-3-1},
  url = {https://doi.org/10.1186/1742-5581-3-1},
  year = {2006},
  month = mar,
  publisher = {Springer Science and Business Media {LLC}},
  volume = {3},
  number = {1},
  author = {Judy F Burnham},
  title = {Scopus database: a review},
  journal = {Biomedical Digital Libraries}
}

@misc{massimoaria_corradocuccurullo, 
url={https://www.bibliometrix.org/vignettes/Introduction_to_bibliometrix.html}, 
journal={A brief introduction to bibliometrix}, 
author={Massimo Aria and Corrado Cuccurullo}
}

